
@article{Bennett:1982,
	Author = {Bennett, Charles H.},
	Journal = {International Journal of Theoretical Physics},
	Pages = {905--940},
	Title = {Thermodynamics of Computation - A Review},
	Volume = {21},
	Year = {1982}}


@article{ThomsenAxelsen:2009:PPL,
	Author = {Michael Kirkedal Thomsen and Holger Bock Axelsen},
	Journal = {Parallel Processing Letters},
	Month = {June},
	Number = {1},
	Pages = {205--222},
	Title = {Parallelization of Reversible Ripple-carry Adders},
	Volume = {19},
	Year = {2009}}


@inproceedings{YokoyamaGlueck:2007:Janus,
	Author = {Yokoyama, Tetsuo and Gl\"{u}ck, Robert},
	Booktitle = {Partial Evaluation and Program Manipulation. Proceedings},
	Pages = {144--153},
	Publisher = {ACM Press},
	Title = {A reversible programming language and its invertible self-interpreter},
	Year = {2007}}

@article{huelsbergen1996logically,
  title={A logically reversible evaluator for the call-by-name lambda calculus},
  author={Huelsbergen, L.},
  journal={InterJournal Complex Systems},
  volume={46},
  year={1996}
}

@article{altenkirchquantum,
  title={The Quantum IO Monad},
  author={Altenkirch, T. and Green, A.},
  journal={Semantic Techniques in Quantum Computation},
  pages={173--205},
  publisher={Citeseer}
}
